
@online { classroom,
    author = "JONATHAN FERNEY GOMEZ HURTADO",
    title = "plantilla latex",
    url = "https://classroom.google.com/",
    addendum = "(consultado: 03.03.2021)",
    keywords= "plantilla, l√°tex"
}